@misc{1,
   author = {Santiago Arraga and Miguel Aroztegui},
   title = {{Algoritmos Gen\'eticos Paralelos para el Problema General de Steiner en Grafos}},
   institution = {Proyecto de Grado. Facultad de Ingenier\'ia. Universidad de la Rep\'ublica},
   year = {2002},
}

@inproceedings{2,
author = {Cancela, H\'{e}ctor and Robledo, Franco and Rubino, Gerardo},
title = {Network Design with Node Connectivity Constraints},
year = {2003},
publisher = {Association for Computing Machinery},
address = {New York, NY, USA},
booktitle = {Proceedings of the 2003 IFIP/ACM Latin America Conference on Towards a Latin American Agenda for Network Research},
pages = {13–20},
numpages = {8},
}

@misc{3,
   author = {Griselda I. Friss de Kerebi and Mario Maneyero and Franco Robledo and Ariel Sabiguero},
   title = {{Modelo de Confiabilidad en Redes}},
   institution = {Proyecto de Taller V. Facultad de Ingenier\'ia, Universidad de la Rep\'ublica},
   year = {1996},
}

@misc{4,
   author = {Antonio Mauttone},
   title = {{M\'etodo RVR en la simulaci\'on de medidas de confiabilidad en redes}},
   institution = {Proyecto de Taller V. Facultad de Ingenier\'ia, Universidad de la Rep\'ublica},
   year = {2000},
}

@misc{5,
   author = {Eduardo Morales},
   title = {{B\'usqueda Optimizaci\'on y Aprendizaje}},
   institution = {Cap\'itulos 4,5,6,9. Tec. de Monterrey (ITESM).},
   year = {2004},
}

@article{6,
  author  = {Mauricio G.C. Resende and Jos\'e Luis Gonz\'alez Velarde}, 
  title   = {GRASP: Greedy Randomized Adaptative Search Procedures},
  journal = {Revista Iberoamericana  de Inteligencia Artificial},
  year    = {2003},
  number  = {19},
  pages   = {61-76},
  volume  = {7},
}

@mastersthesis{7,
  author       = {Franco Robledo}, 
  title        = {{Dise\~no Topol\'ogico de Redes. Casos de Estudio: \emph{The Generalized Steiner Problem} and 
  \emph{The Steiner 2-Edge-Connected Subgraph Problem}}},
  school       = {Tesis de Maestr\'ia. Universidad de la Rep\'ublica},
  year         = {2000},
}

@book{8,
author = {Cormen, Thomas H. and Leiserson, Charles E. and Rivest, Ronald L. and Stein, Clifford},
title = {Introduction to Algorithms, Third Edition},
year = {2009},
isbn = {0262033844},
publisher = {The MIT Press},
edition = {3rd},
note = {Chapter 16, Greedy Algorithms},
}

@book{9,
author = {Garey, Michael R. and Johnson, David S.},
title = {Computers and Intractability; A Guide to the Theory of NP-Completeness},
year = {1990},
isbn = {0716710455},
publisher = {W. H. Freeman and Co.},
address = {USA}
}

@article{10,
  author = {Cancela, Héctor and Urquhart, María},
  year = 2002,
  month = {05},
  pages = {439-443},
  title = {Adapting RVR simulation techniques for general network reliability models},
  volume = {51},
  journal = {Computers, IEEE Transactions on},
  doi = {10.1109/12.995453}
}

@phdthesis{11,
  author       = {Franco Robledo}, 
  title        = {GRASP heuristics for Wide Area Network design},
  school       = {Rennes University},
  year         = 2005,
  address      = {Rennes, France},
}

@techreport{12,
  author       = {H\'ector Cancela and M. El Khadiri}, 
  title        = {Series Parallel reductions in RVR reliability evaluation},
  institution  = {Investigaci\'on Operativa – InCo – Pedeciba Inform\'atica},
  year         = 1996,
  address      = {Facultad de Ingenier\'ia. Universidad de la Rep\'ublica. Montevideo, Uruguay.},
  note         = {Technical Report INCO 96-01}
}

@book{13,
author = {Craig Larman},
title = {{UML y Patrones. Introducci\'on al an\'alisis y dise\~no orientado a objetos}},
year = {2004},
isbn = {970-17-0261-1},
publisher = {Prentice Hall, Inc.},
address = {USA}
}

@article{14,
  author = {Martins, Ernesto and Pascoal, Marta},
  journal = {Quarterly Journal of the Belgian, French and Italian Operations Research Societies},
  number = 2,
  pages = {121-133},
  title = {A new implementation of Yen's ranking loopless paths algorithm.},
  volume = 1,
  year = 2003
}

@misc{15,
   author = {Marcelo Mejía and Pablo E. Olmos Aguirre},
   title = {{Network Topology Optimization using Tabu Search}},
   institution = {Instituto Tecnol\'ogico Aut\'onomo de M\'exico.},
   year = {2005},
}


@article{16,
  author  = {Pierre Hansen and Nenad Mladenovic and Jos\'e Andr\'es Moreno P\'erez}, 
  title   = {Variable Neighbourhood Search},
  journal = {Revista Iberoamericana  de Inteligencia Artificial},
  year    = 2003,
  number  = 19,
  pages   = {77-92},
  volume  = 7,
}


@misc{17,
   author = {Leonardo M. Gomes and Viviane B. Diniz and Carlos A. Martinhon},
   title = {{A Tutorial on Variable Neighborhood Search}},
   institution = {{Departamento de Ciencias de la Computaci\'on. Instituto de Computaci\'on Universidad Federal Fluminense (UFF) – Niter\'oi, RJ, Brasil}},
   year = {1970},
}

@misc{18,
   author = {Pierre Hansen and Nenad Mladenovic},
   title = {{An Hybrid GRASP+VNS Metaheuristic for the Prize-Collecting Traveling Salesman Problem}},
   institution = {{Departamento de Ciencias de la Computaci\'on. Instituto de Computaci\'on Universidad Federal Fluminense (UFF) – Niter\'oi, RJ, Brasil}},
   year = {1970},
}

@misc{19,
   author = {Helena R. Lourenco and Olivier C. Martin and Thomas Stutzle},
   title = {{Iterated Local Search}},
   year = {2001},
}

@article{20,
author = {Dijkstra, E. W.},
title = {A Note on Two Problems in Connexion with Graphs},
year = {1959},
publisher = {Springer-Verlag},
address = {Berlin, Heidelberg},
volume = {1},
number = {1},
journal = {Numerical Mathematics},
pages = {269–271},
numpages = {3}
}

@article{21,
 author = {Eugene L. Lawler},
 title = {A Procedure for Computing the K Best Solutions to Discrete Optimization Problems and its Application to the Shortest Path Problem},
 year = {1972},
 publisher = {INFORMS},
 volume = {18},
 number = {7},
 journal = {Management Science},
 pages = {401--405},
}


@article{22,
author = {E. Q. V. Martins and M. M. B. Pascoal and J. L. E. Santos},
title = {Deviation algorithms for ranking shortest paths},
journal = {International Journal of Foundations of Computer Science},
volume = {10},
number = {3},
pages = {247-261},
year = {1999},
}

@book{23,
author = {Ford, D. R. and Fulkerson, D. R.},
title = {Flows in Networks},
year = {2010},
isbn = {0691146675},
publisher = {Princeton University Press},
address = {USA}
}

@article{24,
  Title                    = {{TSPLIB}--A Traveling Salesman Problem Library},
  Author                   = {Gerhard Reinelt},
  Journal                  = {ORSA Journal on Computing},
  Year                     = {1991},
  Number                   = {4},
  Pages                    = {376--384},
  Volume                   = {3},
}

@article {25,
	author = {Harary, Frank},
	title = {The maximum connectivity of a graph},
	volume = {48},
	number = {7},
	pages = {1142-1146},
	year = {1962},
	publisher = {National Academy of Sciences},
	issn = {0027-8424},
	journal = {Proceedings of the National Academy of Sciences}
}

@mastersthesis{26,
  author       = {Pablo Sartor}, 
  title        = {{Problema General de Steiner en Grafos: Resultados y Algoritmos GRASP para la versi\'on  Arista-Disjunta}},
  school       = {Tesis de Maestr\'ia. Universidad de la Rep\'ublica},
  year         = 2011,
}


@article{27,
author = {Winter, P.},
title = {Steiner Problem in Networks: A Survey},
year = {1987},
publisher = {Wiley-Interscience},
address = {USA},
volume = {17},
number = {2},
journal = {Networks},
pages = {129–167},
}

@inproceedings{28,
author = {Nesmachnow, S. and Pedemonte, M.},
title = {{Metaheur\'isticas basadas en adaptaci\'on social para el Problema de Steiner Generalizado}},
year = {2009},
publisher = {Association for Computing Machinery},
address = {New York, NY, USA},
booktitle = {{Actas VI Congreso Espa\~nol de Metaheur\'isticas, Algoritmos Evolutivos y Bioinspirados (MAEB 2009)}},
pages = {107–114},
}

@INPROCEEDINGS{29, 
author={Franco Robledo and Eduardo Canale}, 
booktitle={Proceedings of the 7th International Workshop on Design of Reliable Communication Networks}, 
title={{Designing backbone networks using the Generalized Steiner Problem}}, 
year={2009}, 
pages={327-334},
}

@article{30,
author = {A.R. Mahjoub and P. Pesneau},
title = {On the Steiner 2-edge connected subgraph polytope},
year = {2008},
volume = {42},
number = {1},
journal = {RAIRO Operations Research},
pages = {259-283},
}

@article{31,
author = {Kerivin, Herv\'{e} and Mahjoub, A. Ridha},
title = {Design of Survivable Networks: A Survey},
year = {2005},
publisher = {Wiley},
address = {USA},
volume = {46},
number = {1},
issn = {0028-3045},
journal = {Networks},
pages = {1–21},
numpages = {21},
}

@article{32,
author = {Agrawal, Ajit and Klein, Philip and Ravi, R.},
title = {When Trees Collide: An Approximation Algorithm for the Generalized Steiner Problem on Networks},
journal = {SIAM Journal on Computing},
volume = {24},
number = {3},
pages = {440-456},
year = {1995},
}

@inproceedings{33,
author = {Jain, Kamal},
title = {A Factor 2 Approximation Algorithm for the Generalized Steiner Network Problem},
year = {1998},
isbn = {0818691727},
publisher = {IEEE Computer Society},
address = {USA},
booktitle = {Proceedings of the 39th Annual Symposium on Foundations of Computer Science},
pages = {448},
numpages = {1},
series = {FOCS ’98}
}
@article{34,
author = {Kortsarz, Guy and Krauthgamer, Robert and Lee, James R.},
title = {Hardness of Approximation for Vertex-Connectivity Network Design Problems},
journal = {SIAM Journal on Computing},
volume = {33},
number = {3},
pages = {704-720},
year = {2004},
}

@inproceedings{35,
    author = {R. Ravi and Philip Klein},
    title = {When cycles collapse: A general approximation technique for constrained two-connectivity problems},
    year = {1993},
    booktitle = {Proceedings of the 3rd Symposium on Integer Programming and Combinatorial Optimization},
    pages = {39-55},
}

@phdthesis{36,
  author       = {Claudio Risso}, 
  title        = {Using GRASP and GA to design resilient and cost-effective IP/MPLS networks},
  school       = {Universidad de la Rep\'ublica},
  year         = {2014},
}

@article{37,
author = {Goemans, Michel X. and Williamson, David P.},
title = {A General Approximation Technique for Constrained Forest Problems},
year = {1995},
publisher = {Society for Industrial and Applied Mathematics},
address = {USA},
volume = {24},
number = {2},
issn = {0097-5397},
journal = {SIAM Journal on Computing},
pages = {296–317},
}

@inproceedings{38,
author = {Goemans, M. X. and Goldberg, A. V. and Plotkin, S. and Shmoys, D. B. and Tardos, \'{E}. and Williamson, D. P.},
title = {Improved Approximation Algorithms for Network Design Problems},
year = {1994},
isbn = {0898713293},
publisher = {Society for Industrial and Applied Mathematics},
address = {USA},
booktitle = {Proceedings of the Fifth Annual ACM-SIAM Symposium on Discrete Algorithms},
pages = {223–232},
numpages = {10},
location = {Arlington, Virginia, USA},
series = {SODA ’94}
}

@article{39,
  author    = {Harold N. Gabow and
               Michel X. Goemans and
               David P. Williamson},
  title     = {An efficient approximation algorithm for the survivable network design problem},
  journal   = {Mathematical Programming},
  volume    = {82},
  pages     = {13--40},
  year      = {1998},
}

@article{40,
  author    = {David P. Williamson and
               Michel X. Goemans and
               Milena Mihail and
               Vijay V. Vazirani},
  title     = {A Primal-Dual Approximation Algorithm for Generalized Steiner Network Problems},
  journal   = {Combinatorica},
  volume    = {15},
  number    = {3},
  pages     = {435--454},
  year      = {1995},
}

@article{41,
title = {On rooted node-connectivity problems},
author = {J. Cheriyan and T. Jordan and Z. Nutov},
year = {2001},
volume = {30},
pages = {353-375},
journal = {Algorithmica},
issn = {0178-4617},
publisher = {Springer New York},
number = {3},
}

@inproceedings{42,
author = {Czumaj, Artur and Lingas, Andrzej},
title = {On Approximability of the Minimum-Cost k-Connected Spanning Subgraph Problem},
year = {1999},
isbn = {0898714346},
publisher = {Society for Industrial and Applied Mathematics},
address = {USA},
booktitle = {Proceedings of the Tenth Annual ACM-SIAM Symposium on Discrete Algorithms},
pages = {281–290},
numpages = {10},
location = {Baltimore, Maryland, USA},
series = {SODA ’99}
}

@book{43,
author = {Hansen, Pierre},
title = {Variable Neighborhood Search},
year = {2018},
isbn = {978-3-319-07124-4},
publisher = {Springer International Publishing, Handbook of Heuristics},
pages = {759-787}
}

@article{44,
author = "Zhi-Zhong Chen",
title = "Approximating Unweighted Connectivity Problems in Parallel",
journal = "Information and Computation",
volume = "171",
number = "2",
pages = "125 - 136",
year = "2001",
issn = "0890-5401",
}

@article{45,
author = {Cheriyan, J. and Sebo, A. and Szigeti, Z.},
title = {Improving on the 1.5-Approximation of a Smallest 2-Edge Connected Spanning Subgraph},
journal = {SIAM Journal on Discrete Mathematics},
volume = {14},
number = {2},
pages = {170-180},
year = {2001},
}

@inproceedings{46,
author = {Fernandes, Cristina G.},
title = {A Better Approximation Ratio for the Minimum K-Edge-Connected Spanning Subgraph Problem},
year = {1997},
isbn = {0898713900},
publisher = {Society for Industrial and Applied Mathematics},
address = {USA},
booktitle = {Proceedings of the Eighth Annual ACM-SIAM Symposium on Discrete Algorithms},
pages = {629–638},
location = {New Orleans, Louisiana, USA},
series = {SODA ’97}
}

@article{47,
author = {Galluccio and Proietti},
title = {Polynomial Time Algorithms for 2-Edge-Connectivity Augmentation Problems},
year = {2003},
publisher = {Springer-Verlag},
address = {Berlin, Heidelberg},
volume = {36},
number = {4},
issn = {0178-4617},
journal = {Algorithmica},
pages = {361–374},
}

@misc{48,
   author = {Pushkar Tripathi},
   title = {{A Deterministic Algorithm for the Vertex Connectivity Survivable Network Design Problem}},
   institution = {{Georgia Institute of Technology}},
   year = {2010},
   note = {Arxiv:1004.1208v1},
}

@article{49,
  author    = {Harold N. Gabow and Michel X. Goemans and David P. Williamson},
  title     = {An efficient approximation algorithm for the survivable network design problem},
  journal   = {Mathematical Programming},
  volume    = {82},
  pages     = {13-40},
  year      = {1998},
}

@book{51,
author = {Mauricio Resende and Celso Ribeiro},
title = {Optimization by GRASP},
year = {2016},
isbn = {978-1-4939-6530-4},
publisher = {Springer},
}

@article{52,
title = "Multiobjective GRASP with Path Relinking",
journal = "European Journal of Operational Research",
volume = "240",
number = "1",
pages = "54 - 71",
year = "2015",
issn = "0377-2217",
author = "Rafael Mart\'i and Vicente Campos and Mauricio G.C. Resende and Abraham Duarte",
}

@article{53,
title = "A hybrid Lagrangean heuristic with GRASP and path-relinking for set k-covering",
journal = "Computers and Operations Research",
author = "Luciana S. Pessoa and Mauricio G.C. Resende and Celso C. Ribeiro",
volume = "40",
number = "12",
pages = "3132 - 3146",
year = "2013",
issn = "0305-0548",
}

@article{54,
title = "Greedy randomized adaptive search procedure with exterior path relinking for differential dispersion minimization",
journal = "Information Sciences",
volume = "296",
pages = "46 - 60",
year = "2015",
issn = "0020-0255",
author = "Abraham Duarte and Jes\'us S\'anchez-Oro and Mauricio G.C. Resende and Fred Glover and Rafael Mart\'i",
}

@article{55,
title = "A GRASP for the Convex Recoloring Problem in Graphs",
journal = "Electronic Notes in Theoretical Computer Science",
volume = "346",
pages = "379 - 391",
year = "2019",
note = "The proceedings of Lagos 2019, the tenth Latin and American Algorithms, Graphs and Optimization Symposium (LAGOS 2019)",
issn = "1571-0661",
author = "Ana Paula dos Santos Dantas and Cid Carvalho [de Souza] and Zanoni Dias",
}

@article{56,
title = "A GRASP algorithm for solving large-scale single row facility layout problems",
journal = "Computers and Operations Research",
volume = "106",
pages = "49 - 61",
year = "2019",
issn = "0305-0548",
author = "G.L. Cravo and A.R.S. Amaral",
}

@article{57,
title = "A Lagrangian heuristic and GRASP for the hub-and-spoke network system with economies-of-scale and congestion",
journal = "Transportation Research Part C: Emerging Technologies",
volume = "102",
pages = "249 - 273",
year = "2019",
issn = "0968-090X",
author = "Faisal Alkaabneh and Ali Diabat and Samir Elhedhli",
}

@article{58,
title = "Fuzzy GRASP with path relinking for the Risk-constrained Cash-in-Transit Vehicle Routing Problem",
journal = "Applied Soft Computing",
volume = "72",
pages = "486 - 497",
year = "2018",
issn = "1568-4946",
author = "Nina Radojicic and Aleksandar Djenic and Miroslav Maric",
}

@article{59,
title = "A hybrid reactive GRASP heuristic for the risk-averse k-traveling repairman problem with profits",
journal = "Computers and Operations Research",
volume = "115",
pages = "104854",
year = "2020",
issn = "0305-0548",
author = "M.E. Bruni and P. Beraldi and S. Khodaparasti",
}

@article{60,
title = "GRASP and VNS for solving the p-next center problem",
journal = "Computers and Operations Research",
volume = "104",
pages = "295 - 303",
year = "2019",
issn = "0305-0548",
author = "A.D. L\'opez-S\'anchez and J. S\'anchez-Oro and A.G. Hern\'andez-D\'iaz",
}

@article{61,
title = "The Steiner Traveling Salesman Problem and its extensions",
journal = "European Journal of Operational Research",
volume = "278",
number = "2",
pages = "615 - 628",
year = "2019",
issn = "0377-2217",
author = "Jessica Rodr\'iguez-Pereira and Elena Fern\'andez and Gilbert Laporte and Enrique Benavent and Antonio Mart\'inez-Sykora",
}

@InProceedings{62,
author="Sartor, Pablo and Robledo, Franco",
title="Solving the Generalized Steiner Problem in Edge-Survivable Networks",
booktitle="Control and Automation, and Energy System Engineering",
year="2011",
publisher="Springer Berlin Heidelberg",
address="Berlin, Heidelberg",
pages="7--16",
isbn="978-3-642-26010-0"
}

@InProceedings{63,
author="Sartor, Pablo and Robledo, Franco",
title="A heuristic for the edge-survivable General Steiner Problem",
booktitle="Control and Automation, and Energy System Engineering",
year="2011",
publisher="Springer Berlin Heidelberg",
address="Berlin, Heidelberg",
pages="7--16",
isbn="978-3-642-26010-0"
}

@Article{64,
  author = { Emanuele Paolini },
  title = { Minimal connections: the classical Steiner problem and generalizations },
  journal = { Bruno Pini Mathematical Analysis Seminar },
  year = { 2012 },
  volume = { 3 },
  number = { 1 },
  pages = { 72 },
}

@article{65,
  title={GRASP Algorithms for the edge-survivable Generalized Steiner Problem},
  author={Pablo Sartor and Franco Robledo},
  journal={International Journal of Control and Automation},
  year={2012},
  volume={5},
  pages={27-44}
}

@mastersthesis{66,
  author       = {Brad Woods}, 
  title        = {{Generalized Steiner Problem in Halin Graphs}},
  school       = {University of Waterloo},
  year         = 2010,
}
% [66] Generalized Steiner problem in Halin graphs. Winter, Pawel. (2020).

@article{67,
  title={Evaluating simple metaheuristics for the Generalized Steiner Problem},
  author={Sergio Nesmachnow},
  journal={Journal of Computer Science and Technology},
  year={2005},
  volume={5},
  number={4}
}

@article{68,
  title={A cellular ant colony optimisation for the generalised Steiner problem},
  author={Mart{\'i}n Pedemonte and H{\'e}ctor Cancela},
  journal={International Journal of Innovative Computing and Applications},
  year={2010},
  volume={2},
  pages={188-201}
}

@article{69,
title = "Hierarchical Survivable Network Design Problems",
journal = "Electronic Notes in Discrete Mathematics",
volume = "52",
pages = "229 - 236",
year = "2016",
note = "Proceedings of the 7th International Network Optimization Conference",
author = "Inmaculada Rodr\'iguez-Mart\'in and Juan-Jos\'e Salazar-Gonz\'alez and Hande Yaman",
}

@article{70,
title = "On the hop-constrained survivable network design problem with reliable edges",
journal = "Computers and Operations Research",
volume = "64",
pages = "159 - 167",
year = "2015",
issn = "0305-0548",
author = "Quentin Botton and Bernard Fortz and Luis Gouveia",
}

@INPROCEEDINGS{71, 
author={T. {Nguyen} and P. {Do}}, 
booktitle={The 2013 RIVF International Conference on Computing Communication Technologies - Research, Innovation, and Vision for Future (RIVF)}, 
title={An ant colony optimization algorithm for solving Group Steiner Problem}, 
year={2013}, 
volume={}, 
number={}, 
pages={163-168},
}

@INPROCEEDINGS{72, 
author={H. {Shen}}, 
booktitle={2012 Third International Conference on Networking and Computing}, title={Approximate Algorithms for Survivable Network Design}, 
year={2012}, 
volume={}, 
number={}, 
pages={9-18},
}

@article{73,
title = "Integer programming models and branch-and-cut approaches to generalized {0,1,2}-survivable network design problems",
journal = "Computational Optimization and Applications",
volume = "65",
number = "1",
pages = "73",
year = "2016",
author = "Leitner, Markus",
}


@inproceedings{74,
author = {Chimani, Markus and Kandyba, Maria and Ljubi\'{c}, Ivana and Mutzel, Petra},
title = {Strong Formulations for 2-Node-Connected Steiner Network Problems},
year = {2008},
isbn = {9783540850960},
publisher = {Springer-Verlag},
address = {Berlin, Heidelberg},
booktitle = {Proceedings of the 2nd International Conference on Combinatorial Optimization and Applications},
pages = {190–200},
numpages = {11},
}

@inproceedings{75,
author = {Kamma, Lior and Nutov, Zeev},
title = {Approximating Survivable Networks with Minimum Number of Steiner Points},
year = {2011},
isbn = {9783642183171},
publisher = {Springer-Verlag},
address = {Berlin, Heidelberg},
booktitle = {Proceedings of the 8th International Conference on Approximation and Online Algorithms},
pages = {154–165},
}

@article{76,
title = "Stochastic Survivable Network Design Problems",
journal = "Electronic Notes in Discrete Mathematics",
volume = "41",
pages = "245 - 252",
year = "2013",
issn = "1571-0653",
author = "Ivana Ljubi\'{c} and Petra Mutzel and Bernd Zey",
}

@article{76b,
title = "Stochastic Survivable Network Design Problems: Theory and practice",
journal = "European Journal of Operational Research",
volume = "256",
number = "2",
pages = "333 - 348",
year = "2017",
issn = "0377-2217",
author = "Ivana Ljubić and Petra Mutzel and Bernd Zey",
}

@article{77,
title = "A branch-and-cut algorithm for two-level survivable network design problems",
journal = "Computers and Operations Research",
volume = "67",
pages = "102 - 112",
year = "2016",
issn = "0305-0548",
author = "Inmaculada Rodríguez-Martín and Juan-José Salazar-González and Hande Yaman",
}

@inproceedings{78,
  TITLE = {{Recursive Variance Reduction Estimators for the Static Communication Network Reliability Problem}},
  AUTHOR = {Cancela, H{\'e}ctor and El Khadiri, Mohamed and Rubino, Gerardo and Tuffin, Bruno},
  BOOKTITLE = {{8th International Workshop on Rare Event Simulation (RESIM 2010)}},
  ADDRESS = {United Kingdom},
  YEAR = {2010},
}

@ARTICLE{79,  
author={P. {L'Ecuyer} and G. {Rubino} and S. {Saggadi} and B. {Tuffin}},  
journal={IEEE Transactions on Reliability},  
title={Approximate Zero-Variance Importance Sampling for Static Network Reliability Estimation},   
year={2011},  
volume={60},  
number={3},  
pages={590-604},
}

@ARTICLE{80,  
author={H. {Cancela} and M. {El Khadiri}},  
journal={IEEE Transactions on Reliability},  
title={The recursive variance-reduction simulation algorithm for network reliability evaluation},   
year={2003},  
volume={52},  
number={2},  
pages={207-212},
}

@inproceedings{81,
  TITLE = {{A Recursive Variance Reduction Technique with Bounded relative Error for Communication Network Reliability Estimation}},
  AUTHOR = {Cancela, H{\'e}ctor and El Khadiri, Mohamed and Rubino, Gerardo and Tuffin, Bruno},
  BOOKTITLE = {{6th St Petersburg Workshop in Computer Simulation}},
  ADDRESS = {Saint Petersburg, Russia},
  YEAR = {2009},
}

@article{82,
  title={{Recursive Variance Reduction method in Stochastic Monotone Binary Systems}},
  author={Eduardo Alberto Canale and H{\'e}ctor Cancela and Juan Piccini and Franco Robledo and Pablo Romero and Gerardo Rubino and Pablo Sartor},
  journal={Proceedings of the 7th International Workshop on Reliable Networks Design and Modeling (RNDM)},
  year={2015},
  pages={135-141}
}

@techreport{83,
  author       = {Eduardo Canale and H\'ector Cancela and Pablo Romero and Franco Robledo}, 
  title        = {Recursive variance reduction in reliability analysis},
  institution  = {Instituto de Computaci\'on.},
  year         = {2014},
  address      = {Facultad de Ingenier\'ia. Universidad de la Rep\'ublica. Montevideo, Uruguay.},
  note         = {Technical Report 14-15 UR.FI-INCO.}
}

@article{84,
author = {Cancela, Hector and Khadiri, Mohamed El and Rubino, Gerardo and Tuffin, Bruno},
title = {Balanced and Approximate Zero-Variance Recursive Estimators for the Network Reliability Problem},
year = {2014},
publisher = {Association for Computing Machinery},
address = {New York, NY, USA},
volume = {25},
number = {1},
journal = {ACM Transactions on Modeling and Computer Simulation},
articleno = {Article 5},
numpages = {19},
}

@article{85,
  author    = {H\'ector Cancela and Mohamed El Khadiri and Gerardo Rubino},
  title     = {A new simulation method based on the {RVR} principle for the rare event network reliability problem},
  journal   = {Annals of Operations Research},
  volume    = {196},
  number    = {1},
  pages     = {111-136},
  year      = {2012},
}

@INPROCEEDINGS{86, 
author={V. {Vijayaraghavan} and K. {Kianfar} and Y. {Ding} and H. {Parsaei}},  
booktitle={2018 IEEE 14th International Conference on Automation Science and Engineering (CASE)},  
title={A Mixed Integer Programming Based Recursive Variance Reduction Method for Reliability Evaluation of Linear Sensor Systems},   
year={2018},  
volume={},  
number={},  
pages={836-842},
}

@article{87,
  author    = {Huizhuo Yuan and
               Xiangru Lian and
               Ji Liu},
  title     = {Stochastic Recursive Variance Reduction for Efficient Smooth Non-Convex
               Compositional Optimization},
  journal   = {CoRR},
  volume    = {abs/1912.13515},
  year      = {2019},
  url       = {http://arxiv.org/abs/1912.13515},
  archivePrefix = {arXiv},
}
% [87] Stochastic Recursive Variance Reduction for Efficient Smooth Non-Convex Compositional Optimization. 2019. Huizhuo Yuan and Xiangru Lian and Ji Liu.

@article{88,
title = "Partitioning signed networks using relocation heuristics, tabu search, and variable neighborhood search",
journal = "Social Networks",
volume = "56",
pages = "70 - 80",
year = "2019",
issn = "0378-8733",
author = "Michael J. Brusco and Patrick Doreian",
}

@ARTICLE{89,
    author={C. V.  Tran and N.  H. Ha},
    title={A Variable Neighborhood Search Algorithm for Solving the Steiner Minimal Tree Problem in Sparse Graphs},
    journal={EAI Endorsed Transactions on Context-aware Systems and Applications},
    volume={5},
    number={15},
    publisher={EAI},
    journal_a={CASA},
    year={2018},
    month={12},
}

@article{90,
title = "Variable neighborhood search for minimum sum-of-squares clustering on networks",
journal = "European Journal of Operational Research",
volume = "230",
number = "2",
pages = "356 - 363",
year = "2013",
author = "Emilio Carrizosa and Nenad Mladenovi\'{c} and Raca Todosijevi\'{c}",
}

@article{91,
title = "An advanced GA–VNS combination for multicriteria route planning in public transit networks",
journal = "Expert Systems with Applications",
volume = "72",
pages = "67 - 82",
year = "2017",
author = "O. Dib and L. Moalic and M.-A. Manier and A. Caminada",
}

@article{92,
title = "Variable neighbourhood search for the k-labelled spanning forest problem",
journal = "Electronic Notes in Discrete Mathematics",
volume = "47",
pages = "29 - 36",
year = "2015",
note = "The 3rd International Conference on Variable Neighborhood Search (VNS'14)",
issn = "1571-0653",
author = "Sergio Consoli and Jos\'e Andr\'es Moreno P\'erez",
keywords = "Combinatorial optimization, Graph theory, Variable Neighbourhood Search",
}

@InProceedings{93,
author="Leitner, Markus and Raidl, G{\"u}nther R.",
editor="Moreno-D{\'i}az, Roberto and Pichler, Franz and Quesada-Arencibia, Alexis",
title="Variable Neighborhood and Greedy Randomized Adaptive Search for Capacitated Connected Facility Location",
booktitle="Computer Aided Systems Theory -- EUROCAST 2011",
year="2012",
publisher="Springer Berlin Heidelberg",
address="Berlin, Heidelberg",
pages="295--302",
}

@Inbook{94,
author="Resende, Mauricio G. C. and Ribeiro, Celso C.",
title="GRASP: Greedy Randomized Adaptive Search Procedures",
bookTitle="Search Methodologies: Introductory Tutorials in Optimization and Decision Support Techniques",
year="2014",
publisher="Springer US",
address="Boston, MA",
pages="287--312",
isbn="978-1-4614-6940-7",
}

@inproceedings{95,
author = {Schauer, Christian and Raidl, G\"{u}nther R.},
title = {Variable Neighborhood Search and GRASP for Three-Layer Hierarchical Ring Network Design},
year = {2012},
isbn = {9783642329364},
publisher = {Springer-Verlag},
address = {Berlin, Heidelberg},
booktitle = {Proceedings of the 12th International Conference on Parallel Problem Solving from Nature - Volume Part I},
pages = {458–467},
location = {Taormina, Italy},
}

@INPROCEEDINGS{96,
       author = {{Orlov}, V.~I. and {Kazakovtsev}, L.~A. and {Rozhnov}, I.~P. and
         {Popov}, N.~A. and {Fedosov}, V.~V.},
        title = "{Variable neighborhood search algorithm for k-means clustering}",
    booktitle = {Materials Science and Engineering Conference Series},
         year = 2018,
       series = {Materials Science and Engineering Conference Series},
       volume = {450},
        pages = {22-35},
}

@article{97,
  author    = {Yiyong Xiao and
               Abdullah Konak},
  title     = {A variable neighborhood search for the network design problem with
               relays},
  journal   = {J. Heuristics},
  volume    = {23},
  number    = {2-3},
  pages     = {137-164},
  year      = {2017},
  doi       = {10.1007/s10732-017-9332-2},
}

@article{98,
title = "Improving variable neighborhood search to solve the traveling salesman problem",
journal = "Applied Soft Computing",
volume = "68",
pages = "83 - 91",
year = "2018",
issn = "1568-4946",
author = "Samrat Hore and Aditya Chatterjee and Anup Dewanji",
}

@InProceedings{99,
author="Suzuki, Hirofumi
and Ishihata, Masakazu
and Minato, Shin-ichi",
editor="Rahman, M. Sohel
and Sadakane, Kunihiko
and Sung, Wing-Kin",
title="Designing Survivable Networks with Zero-Suppressed Binary Decision Diagrams",
booktitle="WALCOM: Algorithms and Computation",
year="2020",
publisher="Springer International Publishing",
address="Cham",
pages="273--285",
}

@article{100,
author={Sadeghi, Elham and Fan, Neng},
title={On the survivable network design problem with mixed connectivity requirements},
journal = {Annals of Operations Research},
doi = {https://doi.org/10.1007/s10479-019-03175-5},
year = {2019},
}

@inproceedings{101,
author = {Panigrahi, Debmalya},
title = {Survivable Network Design Problems in Wireless Networks},
year = {2011},
publisher = {Society for Industrial and Applied Mathematics},
address = {USA},
booktitle = {Proceedings of the Twenty-Second Annual ACM-SIAM Symposium on Discrete Algorithms},
pages = {1014–1027},
location = {San Francisco, California},
}
 
@INPROCEEDINGS{102,  
author={ {Gang Cheng} and N. {Ansari}},  
booktitle={Proceedings of the IEEE Pacific Rim Conference on Communications Computers and Signal Processing},  title={Finding all hops k-shortest paths},   
year={2003},  
volume={1},  
number={},  
pages={474-477},
}

@article{103,
author={Daniel Lena and Franco Robledo and Pablo Romero},
title={A Hostile model for network reliability analysis},
  journal   = {J. Heuristics},
  volume    = {8},
  number    = {2},
  pages     = {489-498},
  year      = {2017},
}

@Inbook{104,
author="Karp, Richard M.",
title="Reducibility among Combinatorial Problems",
bookTitle="Complexity of Computer Computations. The IBM Research Symposia Series.",
year="1972",
publisher="Springer US",
address="Boston, MA",
pages="85--103",
}

@book{105,
  title={Monte Carlo},
  author={Fishman, G.},
  isbn={9780387945279},
  lccn={97168075},
  series={Springer Series in Operations Research and Financial Engineering},
  year={1996},
  publisher={Springer}
}

@article{106,
  author    = {Javiera Barrera and
               H{\'{e}}ctor Cancela and
               Eduardo Moreno},
  title     = {Topological optimization of reliable networks under dependent failures},
  journal   = {Oper. Res. Lett.},
  volume    = {43},
  number    = {2},
  pages     = {132--136},
  year      = {2015},
}

@inproceedings{107,
  author    = {H{\'{e}}ctor Cancela and
               Gustavo Guerberoff and
               Franco Robledo and
               Pablo Romero},
  title     = {Reliability maximization in stochastic binary systems},
  booktitle = {Proceedings of the 21st Conference on Innovation in Clouds, Internet and Networks and
               Workshops},
  pages     = {1-7},
  publisher = {{IEEE}},
  year      = {2018},
}

@article{108,
  author    = {Jason I. Brown and
               Danielle Cox},
  title     = {Nonexistence of optimal graphs for all terminal reliability},
  journal   = {Networks},
  volume    = {63},
  number    = {2},
  pages     = {146--153},
  year      = {2014},
}

@article{109,
  author    = {Jason I. Brown and
               Danielle Cox and
               Richard Ehrenborg},
  title     = {The average reliability of a graph},
  journal   = {Discret. Appl. Math.},
  volume    = {177},
  pages     = {19--33},
  year      = {2014},
}

@inproceedings{110,
  author    = {Eduardo A. Canale and
               Franco Robledo and
               Pablo Romero and
               Julian Viera},
  title     = {Building Reliability-Improving Network Transformations},
  booktitle = {Proceedings of the 15th International Conference on the Design of Reliable Communication
               Networks},
  pages     = {107--113},
  publisher = {{IEEE}},
  year      = {2019},
}



@article{111,
author = {Rosenthal, Arnie},
title = {Computing the Reliability of Complex Networks},
journal = {SIAM Journal on Applied Mathematics},
volume = {32},
number = {2},
pages = {384-393},
year = {1977},
}

@article{112,
  author    = {Anton J. Kleywegt and
               Alexander Shapiro and
               Tito Homem{-}de{-}Mello},
  title     = {The Sample Average Approximation Method for Stochastic Discrete Optimization},
  journal   = {{SIAM} Journal on Optimization},
  volume    = {12},
  number    = {2},
  pages     = {479--502},
  year      = {2002},
}

@article {113,
author = {Boesch, F.T. and Satyanarayana, A. and Suffel, C.L.},
title = {A survey of some network reliability analysis and synthesis results},
journal = {Networks},
volume = {54},
number = {2},
publisher = {Wiley Subscription Services, Inc., A Wiley Company},
issn = {1097-0037},
pages = {99--107},
keywords = {network reliability, invulnerable networks, reliability domination, graph invariant},
year = {2009},
}

@article{114,
title = "Measuring and optimizing system reliability: a stochastic programming approach",
journal = "TOP",
pages = "1 - 20",
year = "2020",
author = "Pulsipher, J.L. and Zavala, V.M.",
}


@article{115,
  author    = {Kassie Archer and
               Christina Graves and
               David Milan},
  title     = {Classes of uniformly most reliable graphs for all-terminal reliability},
  journal   = {Discret. Appl. Math.},
  volume    = {267},
  pages     = {12--29},
  year      = {2019},
}

@article{116,
  author = {Bienstock, Brickell, Monma},
  journal = {Society for industrial and applied mathematics},
  number = 3,
  pages = {320-329},
  title = {On the structure of minimum-weight k-connected spanning network.},
  volume = 3,
  year = 1990
}

@article{117,
author = {Monma, Clyde and Munson, Beth and Pulleyblank, William},
year = {1990},
month = {02},
pages = {153-171},
title = {Minimum-Weight Two-Connected Spanning Networks.},
volume = {46},
journal = {Math. Program.},
doi = {10.1007/BF01585735}
}

@article{118,
author = {J.W. Suurballe and R.E. Tarjan.},
year = {1984},
pages = {325-336},
title = {A quick method for finding shortest pairs of disjoint paths.},
volume = {14},
journal = {Networks.},
number = {2}
}

@article{119,
author = {J.W. Suurballe.},
year = {1974},
pages = {125-145},
title = {Disjoint Paths in a Network.},
volume = {4},
journal = {Networks.}
}

@article{120,
author = {Alevras, Dimitris and Grötschel, Martin and Wessaly, R.},
year = {1999},
month = {04},
pages = {},
title = {A Network Dimensioning Tool}
}

@book{121,
author = {Diestel, Reinhard},
title = {Graph Theory},
year = {2017},
isbn = {978-3-662-53622-3},
publisher = {Springer International Publishing, Graduate Texts in Mathematics},
pages = {1-15}
}
